@article{roglic2016global,
    title = {WHO Global report on diabetes: A summary},
    author = {Roglic, Gojka},
    journal = {International Journal of Noncommunicable Diseases},
    volume = {1},
    number = {1},
    pages = {3--8},
    year = {2016},
    publisher = {Medknow},
}

@article{caturano2023oxidative,
    title = {Oxidative stress in type 2 diabetes: impacts from pathogenesis to
             lifestyle modifications},
    author = {Caturano, Alfredo and D’Angelo, Margherita and Mormone, Andrea and
              Russo, Vincenzo and Mollica, Maria Pina and Salvatore, Teresa and
              Galiero, Raffaele and Rinaldi, Luca and Vetrano, Erica and Marfella
              , Raffaele and others},
    journal = {Current Issues in Molecular Biology},
    volume = {45},
    number = {8},
    pages = {6651--6666},
    year = {2023},
    publisher = {MDPI},
}

@article{kumar2024prevalence,
    title = {Prevalence of diabetes in India: A review of IDF diabetes atlas
             10th edition},
    author = {Kumar, Arvind and Gangwar, Ruby and Ahmad Zargar, Abrar and Kumar,
              Ranjeet and Sharma, Amit},
    journal = {Current diabetes reviews},
    volume = {20},
    number = {1},
    pages = {105--114},
    year = {2024},
    publisher = {Bentham Science Publishers direct},
}

@article{syed2022type,
    title = {Type 1 diabetes mellitus},
    author = {Syed, Fatima Z},
    journal = {Annals of internal medicine},
    volume = {175},
    number = {3},
    pages = {ITC33--ITC48},
    year = {2022},
    publisher = {American College of Physicians},
}

@article{schlesinger2022prediabetes,
    title = {Prediabetes and risk of mortality, diabetes-related complications
             and comorbidities: umbrella review of meta-analyses of prospective
             studies},
    author = {Schlesinger, Sabrina and Neuenschwander, Manuela and Barbaresko,
              Janett and Lang, Alexander and Maalmi, Haifa and Rathmann, Wolfgang
              and Roden, Michael and Herder, Christian},
    journal = {Diabetologia},
    pages = {1--11},
    year = {2022},
    publisher = {Springer},
}

@article{garcia2023post,
    title = {Post-acute pancreatitis diabetes: A complication waiting for more
             recognition and understanding},
    author = {Garc{\'\i}a-Compe{\'a}n, Diego and Jim{\'e}nez-Rodr{\'\i}guez,
              Alan R and Mu{\~n}oz-Ayala, Juan M and Gonz{\'a}lez-Gonz{\'a}lez,
              Jos{\'e} A and Maldonado-Garza, H{\'e}ctor J and Villarreal-P{\'e}
              rez, Jes{\'u}s Z},
    journal = {World Journal of Gastroenterology},
    volume = {29},
    number = {28},
    pages = {4405},
    year = {2023},
}
@article{shivaprasad2021comparison,
    title = {Comparison of CGM-derived measures of glycemic variability between
             pancreatogenic diabetes and type 2 diabetes mellitus},
    author = {Shivaprasad, Channabasappa and Aiswarya, Yalamanchi and Kejal,
              Shah and Sridevi, Atluri and Anupam, Biswas and Ramdas, Barure and
              Gautham, Kolla and Aarudhra, Premchander},
    journal = {Journal of diabetes science and technology},
    volume = {15},
    number = {1},
    pages = {134--140},
    year = {2021},
    publisher = {SAGE Publications Sage CA: Los Angeles, CA},
}

@article{rajendra2021prediction,
    title = {Prediction of diabetes using logistic regression and ensemble
             techniques},
    author = {Rajendra, Priyanka and Latifi, Shahram},
    journal = {Computer Methods and Programs in Biomedicine Update},
    volume = {1},
    pages = {100032},
    year = {2021},
    publisher = {Elsevier},
}

@comment This will be important!
@comment It says that XGBoost > LR
@article{seto2022gradient,
    title = {Gradient boosting decision tree becomes more reliable than logistic
             regression in predicting probability for diabetes with big data},
    author = {Seto, Hiroe and Oyama, Asuka and Kitora, Shuji and Toki, Hiroshi
              and Yamamoto, Ryohei and Kotoku, Jun’ichi and Haga, Akihiro and
              Shinzawa, Maki and Yamakawa, Miyae and Fukui, Sakiko and others},
    journal = {Scientific reports},
    volume = {12},
    number = {1},
    pages = {15889},
    year = {2022},
    publisher = {Nature Publishing Group UK London},
}

@comment 6 nodes for DT
@article{joshi2021predicting,
    title = {Predicting type 2 diabetes using logistic regression and machine
             learning approaches},
    author = {Joshi, Ram D and Dhakal, Chandra K},
    journal = {International journal of environmental research and public health
               },
    volume = {18},
    number = {14},
    pages = {7346},
    year = {2021},
    publisher = {MDPI},
}

@comment Highlights PIMA dataset disadvantages
@article{salem2022fine,
    title = {Fine-tuning fuzzy KNN classifier based on uncertainty membership
             for the medical diagnosis of diabetes},
    author = {Salem, Hanaa and Shams, Mahmoud Y and Elzeki, Omar M and Abd
              Elfattah, Mohamed and F. Al-Amri, Jehad and Elnazer, Shaima},
    journal = {Applied Sciences},
    volume = {12},
    number = {3},
    pages = {950},
    year = {2022},
    publisher = {MDPI},
}

